@TECHREPORT{berkeleyclouds,
  author = {Armbrust, Michael and Fox, Armando and Griffith, Rean and Joseph,
	Anthony D. and Katz, Randy H. and Konwinski, Andrew and Lee, Gunho
	and Patterson, David A. and Rabkin, Ariel and Stoica, Ion and Zaharia,
	Matei},
  title = {Above the Clouds: A Berkeley View of Cloud Computing},
  institution = {EECS Department, University of California, Berkeley},
  year = {2009},
  number = {UCB/EECS-2009-28},
  month = {Feb},
  url = {http://www.eecs.berkeley.edu/Pubs/TechRpts/2009/EECS-2009-28.html}
}

@INPROCEEDINGS{art-and-asl,
  author = {Di Battista, Giuseppe and Palazzi, Bernardo},
  title = {Authenticated relational tables and authenticated skip lists},
  booktitle = {Proceedings of the 21$^{st}$ annual IFIP WG 11.3 working conference
	on Data and applications security},
  year = {2007},
  pages = {31-46},
  url = {http://portal.acm.org/citation.cfm?id=1770560.1770564}
}

@ARTICLE{whyinternetjustworks,
  author = {M. Handley},
  title = {Why the Internet only just works},
  journal = {VBT Technology Journal},
  year = {2006},
  volume = {24},
  pages = {119-129},
  url = {http://www.cs.ucl.ac.uk/staff/m.handley/papers/only-just-works.pdf}
}

@ARTICLE{chord,
  author = {Stoica, Ion and Morris, Robert and Liben-Nowell, David and Karger, David R. and Kaashoek, M. Frans and Dabek, Frank and Balakrishnan, Hari},
  title = {Chord: a scalable peer-to-peer lookup protocol for internet applications},
  journal = {IEEE/ACM Trans. Netw.},
  year = {2003},
  volume = {11},
  pages = {17-32},
  month = {February},
  issue = {1},
  url = {http://dx.doi.org/10.1109/TNET.2002.808407}
}
